@misc{iifl-knowledge-center, 
  title={What is the Closing Price?}, 
  url={https://www.indiainfoline.com/knowledge-center/share-market/what-is-the-closing-price}, 
  journal={IIFL Knowledge Center}
}

 @misc{investors-underground-2019, 
  title={Stock volume - what is volume in stocks and why does it matter?}, 
  url={https://www.investorsunderground.com/stock-volume/}, 
  journal={Investors Underground}, 
  year={2019}, 
  month={Nov}
} 

@misc{stenevang-2016, 
  title={Google search URL request parameters}, 
  url={https://stenevang.wordpress.com/2013/02/22/google-advanced-power-search-url-request-parameters/},
  journal={DETECTED}, 
  author={Stenevang}, 
  year={2016}, 
  month={May}
}