
@book{hyndmanForecastingPrinciplesPractice2018,
  title = {Forecasting: Principles and Practice},
  shorttitle = {Forecasting},
  author = {Hyndman, Rob J. and Athanasopoulos, George},
  date = {2018},
  edition = {2nd edition},
  publisher = {{Otexts, online, open-access textbook}},
  location = {{Lexington, Ky.}},
  isbn = {978-0-9875071-1-2},
  langid = {english},
  pagetotal = {382}
}


